@ARTICLE{calib,
   author = {{Abdo}, A.~A. and {Ackermann}, M. and {Ajello}, M. and {Ampe}, J. and 
	{Anderson}, B. and {Atwood}, W.~B. and {Axelsson}, M. and {Bagagli}, R. and 
	{Baldini}, L. and {Ballet}, J. and et al.},
    title = "{The on-orbit calibration of the Fermi Large Area Telescope}",
  journal = {Astroparticle Physics},
archivePrefix = "arXiv",
   eprint = {0904.2226},
 primaryClass = "astro-ph.IM",
 keywords = {Spaceborne and space research instruments apparatus and components, X- and gamma-ray telescopes and instrumentation},
     year = 2009,
    month = oct,
   volume = 32,
    pages = {193-219},
      doi = {10.1016/j.astropartphys.2009.08.002},
   adsurl = {http://adsabs.harvard.edu/abs/2009APh....32..193A},
  adsnote = {Provided by the SAO/NASA Astrophysics Data System}
}

@ARTICLE{LAT_paper,
   author = {{Atwood}, W.~B. and {Abdo}, A.~A. and {Ackermann}, M. and {Althouse}, W. and 
  {Anderson}, B. and {Axelsson}, M. and {Baldini}, L. and {Ballet}, J. and 
  {Band}, D.~L. and {Barbiellini}, G. and et al.},
    title = "{The Large Area Telescope on the Fermi Gamma-Ray Space Telescope Mission}",
  journal = {The Astrophysical Journal},
archivePrefix = "arXiv",
   eprint = {0902.1089},
 primaryClass = "astro-ph.IM",
 keywords = {cosmic rays, galaxies: active, Galaxy: general, gamma rays: observations, Sun: X-rays, gamma rays, telescopes},
     year = 2009,
    month = jun,
   volume = 697,
    pages = {1071-1102},
      doi = {10.1088/0004-637X/697/2/1071},
   adsurl = {http://adsabs.harvard.edu/abs/2009ApJ...697.1071A},
  adsnote = {Provided by the SAO/NASA Astrophysics Data System}
}

@Article{TMVA, 
author  = "Hoecker, Andreas and Speckmayer, Peter and Stelzer, Joerg and Therhaag, Jan and von Toerne, Eckhard and Voss, Helge",
title  =  "{TMVA: Toolkit for Multivariate Data Analysis}",
journal  =  "PoS",
volume   =  "ACAT",
year   =  "2007",
pages  =  "040",
eprint   =  "physics/0703039",
archivePrefix  =  "arXiv",
SLACcitation   =  "%%CITATION = PHYSICS/0703039;%%"}

@Misc{ROOT, 
   Author = {Brun, R. and Rademakers, F. and others, },
   Title = {{ROOT web page, \texttt{http://root.cern.ch/}}},
   Year = {2001}
}

@ARTICLE{AMS,
   author = {{Aguilar}, M. and {Aisa}, D. and {Alpat}, B. and {Alvino}, A. and 
  {Ambrosi}, G. and {Andeen}, K. and {Arruda}, L. and {Attig}, N. and 
  {Azzarello}, P. and {Bachlechner}, A. and et al.},
    title = "{Precision Measurement of the Proton Flux in Primary Cosmic Rays from Rigidity 1 GV to 1.8 TV with the Alpha Magnetic Spectrometer on the International Space Station}",
  journal = {Physical Review Letters},
 keywords = {Cosmic rays, Neutrino muon pion and other elementary particle detectors, cosmic ray detectors, Neutrino muon pion and other elementary particles, cosmic rays, Composition energy spectra and interactions},
     year = 2015,
    month = may,
   volume = 114,
   number = 17,
      eid = {171103},
    pages = {171103},
      doi = {10.1103/PhysRevLett.114.171103},
   adsurl = {http://adsabs.harvard.edu/abs/2015PhRvL.114q1103A},
  adsnote = {Provided by the SAO/NASA Astrophysics Data System}
}

@unpublished{LAT-CRE,
title = "{Fermi-LAT measurement of cosmic-ray electron spectrum with Pass 8}",
author = {Carmelo {Sgr\`o} and Raffaella {Bonino} and Luca {Baldini} and Luca {Latronico} and Alberto {Manfreda} and Melissa {Pesce-Rollins} and Michela {Negro} and Francesca {Spada}},
year = {2014},
note= {The 5th Fermi Symposium},
URL = {http://fermi.gsfc.nasa.gov/science/mtgs/symposia/2014/program/04_Sgro.pdf}
}

@ARTICLE{Pamela,
   author = {{Adriani}, O. and {Barbarino}, G.~C. and {Bazilevskaya}, G.~A. and 
  {Bellotti}, R. and {Boezio}, M. and et al.},
    title = "{PAMELA Measurements of Cosmic-Ray Proton and Helium Spectra}",
  journal = {Science},
archivePrefix = "arXiv",
   eprint = {1103.4055},
 primaryClass = "astro-ph.HE",
     year = 2011,
    month = apr,
   volume = 332,
    pages = {69-},
      doi = {10.1126/science.1199172},
   adsurl = {http://adsabs.harvard.edu/abs/2011Sci...332...69A},
  adsnote = {Provided by the SAO/NASA Astrophysics Data System}
}